<?xml version="1.0" encoding="UTF-8"?>
<record xmlns="http://www.loc.gov/MARC21/slim">
   <leader>01055cam a2200265 a 4500</leader>
   <controlfield tag="001">2527633</controlfield>
   <controlfield tag="003">NjP</controlfield>
   <controlfield tag="005">20100820102749.0</controlfield>
   <controlfield tag="008">850809q19001985ua            000 0 ara d</controlfield>
   <datafield tag="024" ind1="7" ind2=" ">
      <subfield code="a">princeton_aco004719</subfield>
      <subfield code="2">local</subfield>
   </datafield>
   <datafield ind1=" " ind2=" " tag="010">
      <subfield code="a">   73960809  </subfield>
   </datafield>
   <datafield ind1=" " ind2=" " tag="035">
      <subfield code="a">(OCoLC)ocm12365925</subfield>
   </datafield>
   <datafield ind1=" " ind2=" " tag="035">
      <subfield code="9">CLX2623TS</subfield>
   </datafield>
   <datafield ind1=" " ind2=" " tag="040">
      <subfield code="a">TXQ</subfield>
      <subfield code="c">TXQ</subfield>
      <subfield code="d">PUL</subfield>
   </datafield>
   <datafield ind1=" " ind2=" " tag="043">
      <subfield code="a">f-ua---</subfield>
   </datafield>
   <datafield ind1="1" ind2=" " tag="100">
      <subfield code="a">Sayyidhum, ʻAzīz Bāshá.</subfield>
   </datafield>
   <datafield ind1="1" ind2="0" tag="245">
      <subfield code="a">Sharḥ aḥkām al-qānūn al-ʻumad wa-al-mashāyikh :</subfield>
      <subfield code="b">wa-qānūn mubāsharat al-ḥuqūq al-siyāsīyah /</subfield>
      <subfield code="c">ʻAzīz Bāshá Sayyidhum, Muḥammad Ṣāliḥ ʻAmāshah.</subfield>
   </datafield>
   <datafield ind1=" " ind2=" " tag="250">
      <subfield code="a">al-Ṭabʻah 1.</subfield>
   </datafield>
   <datafield ind1=" " ind2=" " tag="260">
      <subfield code="a">al-Qāhirah :</subfield>
      <subfield code="b">Dār Nahḍat Miṣr lil-Ṭabʻ wa-al-Nashr,</subfield>
      <subfield code="c">[19--]</subfield>
   </datafield>
   <datafield ind1=" " ind2=" " tag="300">
      <subfield code="a">793 p. ;</subfield>
      <subfield code="c">24 cm.</subfield>
   </datafield>
   <datafield ind1=" " ind2=" " tag="504">
      <subfield code="a">Includes bibliographical references.</subfield>
   </datafield>
   <datafield ind1=" " ind2="0" tag="650">
      <subfield code="a">Villages</subfield>
      <subfield code="x">Law and legislation</subfield>
      <subfield code="z">Egypt.</subfield>
   </datafield>
   <datafield ind1=" " ind2="0" tag="650">
      <subfield code="a">Local officials and employees</subfield>
      <subfield code="x">Legal status, laws, etc.</subfield>
      <subfield code="z">Egypt.</subfield>
   </datafield>
   <datafield ind1=" " ind2="0" tag="650">
      <subfield code="a">Local government</subfield>
      <subfield code="x">Law and legislation</subfield>
      <subfield code="z">Egypt.</subfield>
   </datafield>
   <datafield ind1=" " ind2=" " tag="945">
      <subfield code="a">F</subfield>
      <subfield code="b">1</subfield>
      <subfield code="c">7987.859</subfield>
   </datafield>
   <datafield ind1=" " ind2=" " tag="911">
      <subfield code="a">19990912</subfield>
   </datafield>
   <datafield ind1="8" ind2="0" tag="852">
      <subfield code="0">2830640</subfield>
      <subfield code="b">rcppa</subfield>
      <subfield code="t">1</subfield>
      <subfield code="h">7987.859</subfield>
      <subfield code="x">tr fr f</subfield>
   </datafield>
   <datafield ind1=" " ind2=" " tag="959">
      <subfield code="a">2008-10-22 12:19:07 -0500</subfield>
   </datafield>
</record>
